
@book {ziegler,
    AUTHOR = {Ziegler, G{\"u}nter M.},
     TITLE = {Lectures on {P}olytopes},
    SERIES = {Graduate Texts in Mathematics},
    VOLUME = {152},
 PUBLISHER = {Springer-Verlag},
   ADDRESS = {New York},
      YEAR = {1995},
     PAGES = {x+370},
      ISBN = {0-387-94365-X},
   MRCLASS = {52Bxx},
  MRNUMBER = {1311028 (96a:52011)},
MRREVIEWER = {Margaret M. Bayer},
       DOI = {10.1007/978-1-4613-8431-1},
       URL = {http://0-dx.doi.org.opac.sfsu.edu/10.1007/978-1-4613-8431-1},
}




@article {orderCone,
    AUTHOR = {Stanley, Richard P. and Pitman, Jim},
     TITLE = {A {P}olytope {R}elated to {E}mpirical {D}istributions, {P}lane {T}rees,
              {P}arking {F}unctions, and the {A}ssociahedron},
   JOURNAL = {Discrete Comput. Geom.},
  FJOURNAL = {Discrete \& Computational Geometry. An International Journal
              of Mathematics and Computer Science},
    VOLUME = {27},
      YEAR = {2002},
    NUMBER = {4},
     PAGES = {603--634},
      ISSN = {0179-5376},
     CODEN = {DCGEER},
   MRCLASS = {52B11 (05A15 60C05)},
  MRNUMBER = {1902680 (2003e:52017)},
MRREVIEWER = {Igor Rivin},
       DOI = {10.1007/s00454-002-2776-6},
       URL = {http://dx.doi.org/10.1007/s00454-002-2776-6},
}





@incollection {hyperplaneArrg,
    AUTHOR = {Stanley, Richard P.},
     TITLE = {An {I}ntroduction to {H}yperplane {A}rrangements},
 BOOKTITLE = {Geometric combinatorics},
    SERIES = {IAS/Park City Math. Ser.},
    VOLUME = {13},
     PAGES = {389--496},
 PUBLISHER = {Amer. Math. Soc.},
   ADDRESS = {Providence, RI},
      YEAR = {2007},
   MRCLASS = {52C35 (05B35 55R80)},
  MRNUMBER = {2383131},
}





@book {dummit,
    AUTHOR = {Dummit, David S. and Foote, Richard M.},
     TITLE = {Abstract {A}lgebra},
   EDITION = {{T}hird},
 PUBLISHER = {John Wiley \& Sons Inc.},
   ADDRESS = {Hoboken, NJ},
      YEAR = {2004},
     PAGES = {xii+932},
      ISBN = {0-471-43334-9},
   MRCLASS = {00-01 (16-01 20-01)},
  MRNUMBER = {2286236 (2007h:00003)},
}
